@article{bertachi2020prediction,
  title={Prediction of nocturnal hypoglycemia in adults with type 1 diabetes under multiple daily injections using continuous glucose monitoring and physical activity monitor},
  author={Bertachi, Arthur and Vi{\~n}als, Clara and Biagi, Lyvia and Contreras, Ivan and Veh{\'\i}, Josep and Conget, Ignacio and Gim{\'e}nez, Marga},
  journal={Sensors},
  volume={20},
  number={6},
  pages={1705},
  year={2020},
  publisher={MDPI}
}
@article{graveling2017risks,
  title={The risks of nocturnal hypoglycaemia in insulin-treated diabetes},
  author={Graveling, Alex J and Frier, Brian M},
  journal={Diabetes research and clinical practice},
  volume={133},
  pages={30--39},
  year={2017},
  publisher={Elsevier}
}
@article{nathan1993effect,
  title={The effect of intensive treatment of diabetes on the development and progression of long-term complications in insulin-dependent diabetes mellitus.},
  author={Nathan, DM and Genuth, S and Lachin, J and Cleary, P and Crofford, O and Davis, M and Rand, L and Siebert, C and others},
  journal={The New England journal of medicine},
  volume={329},
  number={14},
  pages={977--986},
  year={1993}
}
@article{oviedo2019risk,
  title={Risk-based postprandial hypoglycemia forecasting using supervised learning},
  author={Oviedo, Silvia and Contreras, Ivan and Quir{\'o}s, Carmen and Gim{\'e}nez, Marga and Conget, Ignacio and Vehi, Josep},
  journal={International journal of medical informatics},
  volume={126},
  pages={1--8},
  year={2019},
  publisher={Elsevier}
}
@article{schultes2007defective,
  title={Defective awakening response to nocturnal hypoglycemia in patients with type 1 diabetes mellitus},
  author={Schultes, Bernd and Jauch-Chara, Kamila and Gais, Steffen and Hallschmid, Manfred and Reiprich, Eva and Kern, Werner and Oltmanns, Kerstin M and Peters, Achim and Fehm, Horst L and Born, Jan},
  journal={PLoS Medicine},
  volume={4},
  number={2},
  pages={e69},
  year={2007},
  publisher={Public Library of Science San Francisco, USA}
}
@article{vettoretti2018continuous,
  title={Continuous glucose monitoring: current use in diabetes management and possible future applications},
  author={Vettoretti, Martina and Cappon, Giacomo and Acciaroli, Giada and Facchinetti, Andrea and Sparacino, Giovanni},
  journal={Journal of diabetes science and technology},
  volume={12},
  number={5},
  pages={1064--1071},
  year={2018},
  publisher={SAGE Publications Sage CA: Los Angeles, CA}
}
@article{cappon2017wearable,
  title={Wearable continuous glucose monitoring sensors: a revolution in diabetes treatment},
  author={Cappon, Giacomo and Acciaroli, Giada and Vettoretti, Martina and Facchinetti, Andrea and Sparacino, Giovanni},
  journal={Electronics},
  volume={6},
  number={3},
  pages={65},
  year={2017},
  publisher={MDPI}
}
@article{direcnet2005impact,
  title={Impact of exercise on overnight glycemic control in children with type 1 diabetes mellitus},
  author={DirecNet Study Group and others},
  journal={J Pediatr},
  volume={147},
  pages={528--534},
  year={2005}
}
@article{li2019convolutional,
  title={Convolutional recurrent neural networks for glucose prediction},
  author={Li, Kezhi and Daniels, John and Liu, Chengyuan and Herrero, Pau and Georgiou, Pantelis},
  journal={IEEE journal of biomedical and health informatics},
  volume={24},
  number={2},
  pages={603--613},
  year={2019},
  publisher={IEEE}
}
@article{cappon2018neural,
  title={A neural-network-based approach to personalize insulin bolus calculation using continuous glucose monitoring},
  author={Cappon, Giacomo and Vettoretti, Martina and Marturano, Francesca and Facchinetti, Andrea and Sparacino, Giovanni},
  journal={Journal of Diabetes Science and Technology},
  volume={12},
  number={2},
  pages={265--272},
  year={2018},
  publisher={SAGE Publications Sage CA: Los Angeles, CA}
}
@article{parcerisas2022machine,
  title={A Machine Learning Approach to Minimize Nocturnal Hypoglycemic Events in Type 1 Diabetic Patients under Multiple Doses of Insulin},
  author={Parcerisas, Adri{\`a} and Contreras, Ivan and Delecourt, Alexia and Bertachi, Arthur and Beneyto, Aleix and Conget, Ignacio and Vi{\~n}als, Clara and Gim{\'e}nez, Marga and Vehi, Josep},
  journal={Sensors},
  volume={22},
  number={4},
  pages={1665},
  year={2022},
  publisher={MDPI}
}
@article{berikov2022machine,
  title={Machine Learning Models for Nocturnal Hypoglycemia Prediction in Hospitalized Patients with Type 1 Diabetes},
  author={Berikov, Vladimir B and Kutnenko, Olga A and Semenova, Julia F and Klimontov, Vadim V},
  journal={Journal of personalized medicine},
  volume={12},
  number={8},
  pages={1262},
  year={2022},
  publisher={MDPI}
}
@article{guemes2019predicting,
  title={Predicting quality of overnight glycaemic control in type 1 diabetes using binary classifiers},
  author={G{\"u}emes, Amparo and Cappon, Giacomo and Hernandez, Bernard and Reddy, Monika and Oliver, Nick and Georgiou, Pantelis and Herrero, Pau},
  journal={IEEE Journal of Biomedical and Health Informatics},
  volume={24},
  number={5},
  pages={1439--1446},
  year={2019},
  publisher={IEEE}
}
@article{mujahid2021machine,
  title={Machine learning techniques for hypoglycemia prediction: Trends and challenges},
  author={Mujahid, Omer and Contreras, Ivan and Vehi, Josep},
  journal={Sensors},
  volume={21},
  number={2},
  pages={546},
  year={2021},
  publisher={MDPI}
}
@article{kodama2021ability,
  title={Ability of current machine learning algorithms to predict and detect hypoglycemia in patients with diabetes mellitus: meta-analysis},
  author={Kodama, Satoru and Fujihara, Kazuya and Shiozaki, Haruka and Horikawa, Chika and Yamada, Mayuko Harada and Sato, Takaaki and Yaguchi, Yuta and Yamamoto, Masahiko and Kitazawa, Masaru and Iwanaga, Midori and others},
  journal={JMIR diabetes},
  volume={6},
  number={1},
  pages={e22458},
  year={2021},
  publisher={JMIR Publications Inc., Toronto, Canada}
}
@mastersthesis{hietbrink2020development,
  title={Development and Evaluation of a Just-in-Time Adaptive eCoach to Encourage Physical Activity and Healthy Nutrition in People with Type 2 Diabetes Mellitus},
  author={Hietbrink, EAG},
  year={2020},
  school={University of Twente}
}
@article{mosquera2020predicting,
  title={Predicting and preventing nocturnal hypoglycemia in type 1 diabetes using big data analytics and decision theoretic analysis},
  author={Mosquera-Lopez, Clara and Dodier, Robert and Tyler, Nichole S and Wilson, Leah M and El Youssef, Joseph and Castle, Jessica R and Jacobs, Peter G},
  journal={Diabetes Technology \& Therapeutics},
  volume={22},
  number={11},
  pages={801--811},
  year={2020},
  publisher={Mary Ann Liebert, Inc., publishers 140 Huguenot Street, 3rd Floor New~â€¦}
}
@article{contreras2017personalized,
  title={Personalized blood glucose prediction: A hybrid approach using grammatical evolution and physiological models},
  author={Contreras, Iv{\'a}n and Oviedo, Silvia and Vettoretti, Martina and Visentin, Roberto and Veh{\'\i}, Josep},
  journal={PloS one},
  volume={12},
  number={11},
  pages={e0187754},
  year={2017},
  publisher={Public Library of Science San Francisco, CA USA}
}
@article{oviedo2019minimizing,
  title={Minimizing postprandial hypoglycemia in Type 1 diabetes patients using multiple insulin injections and capillary blood glucose self-monitoring with machine learning techniques},
  author={Oviedo, Silvia and Contreras, Ivan and Bertachi, Arthur and Quir{\'o}s, Carmen and Gim{\'e}nez, Marga and Conget, Ignacio and Vehi, Josep},
  journal={Computer Methods and Programs in Biomedicine},
  volume={178},
  pages={175--180},
  year={2019},
  publisher={Elsevier}
}
@article{frenay2013mutual,
  title={Is mutual information adequate for feature selection in regression?},
  author={Fr{\'e}nay, Beno{\^\i}t and Doquire, Gauthier and Verleysen, Michel},
  journal={Neural Networks},
  volume={48},
  pages={1--7},
  year={2013},
  publisher={Elsevier}
}
@article{maahs2016outcome,
  title={Outcome measures for artificial pancreas clinical trials: a consensus report},
  author={Maahs, David M and Buckingham, Bruce A and Castle, Jessica R and Cinar, Ali and Damiano, Edward R and Dassau, Eyal and DeVries, J Hans and Doyle III, Francis J and Griffen, Steven C and Haidar, Ahmad and others},
  journal={Diabetes care},
  volume={39},
  number={7},
  pages={1175--1179},
  year={2016},
  publisher={Am Diabetes Assoc}
}
@article{li2020novel,
  title={A novel CGM metric-gradient and combining mean sensor glucose enable to improve the prediction of nocturnal hypoglycemic events in patients with diabetes},
  author={Li, Jingzhen and Ma, Xiaojing and Tobore, Igbe and Liu, Yuhang and Kandwal, Abhishek and Wang, Lei and Lu, Jingyi and Lu, Wei and Bao, Yuqian and Zhou, Jian and others},
  journal={Journal of Diabetes Research},
  volume={2020},
  year={2020},
  publisher={Hindawi}
}
@inproceedings{bertachi2018prediction,
  title={Prediction of Blood Glucose Levels And Nocturnal Hypoglycemia Using Physiological Models and Artificial Neural Networks.},
  author={Bertachi, Arthur and Biagi, Lyvia and Contreras, Iv{\'a}n and Luo, Ningsu and Veh{\'\i}, Josep},
  booktitle={KHD@ IJCAI},
  pages={85--90},
  year={2018}
}
@article{vehi2020prediction,
  title={Prediction and prevention of hypoglycaemic events in type-1 diabetic patients using machine learning},
  author={Veh{\'\i}, Josep and Contreras, Iv{\'a}n and Oviedo, Silvia and Biagi, Lyvia and Bertachi, Arthur},
  journal={Health informatics journal},
  volume={26},
  number={1},
  pages={703--718},
  year={2020},
  publisher={SAGE Publications Sage UK: London, England}
}
@article{athey2019generalized,
  title={Generalized random forests},
  author={Athey, Susan and Tibshirani, Julie and Wager, Stefan},
  journal={The Annals of Statistics},
  volume={47},
  number={2},
  pages={1148--1178},
  year={2019},
  publisher={Institute of Mathematical Statistics}
}
@article{smola2004tutorial,
  title={A tutorial on support vector regression},
  author={Smola, Alex J and Sch{\"o}lkopf, Bernhard},
  journal={Statistics and computing},
  volume={14},
  number={3},
  pages={199--222},
  year={2004},
  publisher={Springer}
}
@article{kanzow2004levenberg,
  title={Levenberg--Marquardt methods with strong local convergence properties for solving nonlinear equations with convex constraints},
  author={Kanzow, Christian and Yamashita, Nobuo and Fukushima, Masao},
  journal={Journal of Computational and Applied Mathematics},
  volume={172},
  number={2},
  pages={375--397},
  year={2004},
  publisher={Elsevier}
}
@article{hawkins2004problem,
  title={The problem of overfitting},
  author={Hawkins, Douglas M},
  journal={Journal of chemical information and computer sciences},
  volume={44},
  number={1},
  pages={1--12},
  year={2004},
  publisher={ACS Publications}
}
@article{contreras2018artificial,
  title={Artificial intelligence for diabetes management and decision support: literature review},
  author={Contreras, Ivan and Vehi, Josep and others},
  journal={Journal of medical Internet research},
  volume={20},
  number={5},
  pages={e10775},
  year={2018},
  publisher={JMIR Publications Inc., Toronto, Canada}
}
@article{team2020rstudio,
  title={RStudio: Integrated development environment for R. RStudio, PBC},
  author={Team, RStudio},
  journal={Boston, MA. Accessed},
  pages={06--07},
  year={2020}
}
@book{van2009python,
  title={Python/C Api Manual-Python 3},
  author={Van Rossum, Guido and Drake, Fred L},
  year={2009},
  publisher={CreateSpace}
}
@article{hovorka2004nonlinear,
  title={Nonlinear model predictive control of glucose concentration in subjects with type 1 diabetes},
  author={Hovorka, Roman and Canonico, Valentina and Chassin, Ludovic J and Haueter, Ulrich and Massi-Benedetti, Massimo and Federici, Marco Orsini and Pieber, Thomas R and Schaller, Helga C and Schaupp, Lukas and Vering, Thomas and others},
  journal={Physiological measurement},
  volume={25},
  number={4},
  pages={905},
  year={2004},
  publisher={IOP Publishing}
}
@misc{federation2021idf,
  title={IDF Diabetes Atlas, 10th edn},
  author={Federation, ID},
  year={2021}
}

@article{zhang2023data,
  title={Data-based modeling for hypoglycemia prediction: Importance, trends, and implications for clinical practice},
  author={Zhang, Liyin and Yang, Lin and Zhou, Zhiguang},
  journal={Frontiers in Public Health},
  volume={11},
  year={2023},
  publisher={Frontiers Media SA}
}
@article{felizardo2021data,
  title={Data-based algorithms and models using diabetics real data for blood glucose and hypoglycaemia prediction--a systematic literature review},
  author={Felizardo, Virginie and Garcia, Nuno M and Pombo, Nuno and Megdiche, Imen},
  journal={Artificial Intelligence in Medicine},
  volume={118},
  pages={102120},
  year={2021},
  publisher={Elsevier}
}

@article{jensen2020prediction,
  title={Prediction of nocturnal hypoglycemia from continuous glucose monitoring data in people with type 1 diabetes: a proof-of-concept study},
  author={Jensen, Morten H and Dethlefsen, Claus and Vestergaard, Peter and Hejlesen, Ole},
  journal={Journal of diabetes science and technology},
  volume={14},
  number={2},
  pages={250--256},
  year={2020},
  publisher={SAGE Publications Sage CA: Los Angeles, CA}
}
@article{oyaguez2021cost,
  title={Cost analysis of freestyle Libre{\textregistered} 2 system in type 2 diabetes mellitus population},
  author={Oyag{\"u}ez, Itziar and G{\'o}mez-Peralta, Fernando and Artola, Sara and Carrasco, Francisco J and Carretero-G{\'o}mez, Juana and Garc{\'\i}a-Soidan, Javier and G{\'o}mez-Huelgas, Ricardo and Merino-Torres, Juan F and P{\'e}rez, Antonio},
  journal={Diabetes Therapy},
  volume={12},
  number={9},
  pages={2329--2342},
  year={2021},
  publisher={Springer}
}

@article{wood2018continuous,
  title={Continuous glucose monitoring: a review of the evidence, opportunities for future use and ongoing challenges},
  author={Wood, Anna and O'Neal, David and Furler, John and Ekinci, Elif I},
  journal={Internal medicine journal},
  volume={48},
  number={5},
  pages={499--508},
  year={2018},
  publisher={Wiley Online Library}
}
@article{kronborg2022bedtime,
  title={Bedtime Prediction of Nocturnal Hypoglycemia in Insulin-Treated Type 2 Diabetes Patients},
  author={Kronborg, Thomas and Hangaard, Stine and Hejlesen, Ole and Vestergaard, Peter and Jensen, Morten Hasselstr{\o}m},
  journal={Journal of Diabetes Science and Technology},
  volume={0},
  pages={0},
  year={2022},
  publisher={SAGE Publications Sage CA: Los Angeles, CA}
}
@article{probst2019tunability,
  title={Tunability: Importance of hyperparameters of machine learning algorithms},
  author={Probst, Philipp and Boulesteix, Anne-Laure and Bischl, Bernd},
  journal={The Journal of Machine Learning Research},
  volume={20},
  number={1},
  pages={1934--1965},
  year={2019},
  publisher={JMLR. org}
}
@article{probst2019hyperparameters,
  title={Hyperparameters and tuning strategies for random forest},
  author={Probst, Philipp and Wright, Marvin N and Boulesteix, Anne-Laure},
  journal={Wiley Interdisciplinary Reviews: data mining and knowledge discovery},
  volume={9},
  number={3},
  pages={e1301},
  year={2019},
  publisher={Wiley Online Library}
}
@article{ling2008cost,
  title={Cost-sensitive learning and the class imbalance problem},
  author={Ling, Charles X and Sheng, Victor S},
  journal={Encyclopedia of machine learning},
  volume={2011},
  pages={231--235},
  year={2008},
  publisher={Springer Berlin, Germany}
}

@inproceedings{vu2019predicting,
  title={Predicting nocturnal hypoglycemia from continuous glucose monitoring data with extended prediction horizon},
  author={Vu, Long and Kefayati, Sarah and Id{\'e}, Tsuyoshi and Pavuluri, Venkata and Jackson, Gretchen and Latts, Lisa and Zhong, Yuxiang and Agrawal, Pratik and Chang, Yuan-Chi},
  booktitle={AMIA Annual Symposium Proceedings},
  volume={2019},
  pages={874},
  year={2019},
  organization={American Medical Informatics Association}
}
@article{wang2020glucose,
  title={A glucose-insulin mixture model and application to short-term hypoglycemia prediction in the night time},
  author={Wang, Weijie and Wang, Shaoping and Wang, Xingjian and Liu, Di and Geng, Yixuan and Wu, Teresa},
  journal={IEEE Transactions on Biomedical Engineering},
  volume={68},
  number={3},
  pages={834--845},
  year={2020},
  publisher={IEEE}
}
@article{wilson2015factors,
  title={Factors associated with nocturnal hypoglycemia in at-risk adolescents and young adults with type 1 diabetes},
  author={Wilson, Darrell M and Calhoun, Peter M and Maahs, David M and Chase, H Peter and Messer, Laurel and Buckingham, Bruce A and Aye, Tandy and Clinton, Paula K and Hramiak, Irene and Kollman, Craig and others},
  journal={Diabetes technology \& therapeutics},
  volume={17},
  number={6},
  pages={385--391},
  year={2015},
  publisher={Mary Ann Liebert, Inc. 140 Huguenot Street, 3rd Floor New Rochelle, NY 10801 USA}
}
@article{woodward2009nocturnal,
  title={Nocturnal hypoglycaemia in type 1 diabetesâ€”frequency and predictive factors},
  author={Woodward, A and Weston, P and Casson, IF and Gill, GV},
  journal={QJM: An International Journal of Medicine},
  volume={102},
  number={9},
  pages={603--607},
  year={2009},
  publisher={Oxford University Press}
}
@article{broll2021interpreting,
  title={Interpreting blood GLUcose data with R package iglu},
  author={Broll, Steven and Urbanek, Jacek and Buchanan, David and Chun, Elizabeth and Muschelli, John and Punjabi, Naresh M and Gaynanova, Irina},
  journal={PloS one},
  volume={16},
  number={4},
  pages={e0248560},
  year={2021},
  publisher={Public Library of Science San Francisco, CA USA}
}
@article{sampath2016glycemic,
  title={Glycemic control indices and their aggregation in the prediction of nocturnal hypoglycemia from intermittent blood glucose measurements},
  author={Sampath, Sivananthan and Tkachenko, Pavlo and Renard, Eric and Pereverzev, Sergei V},
  journal={Journal of diabetes science and technology},
  volume={10},
  number={6},
  pages={1245--1250},
  year={2016},
  publisher={SAGE Publications Sage CA: Los Angeles, CA}
}
@article{kursa2010feature,
  title={Feature selection with the Boruta package},
  author={Kursa, Miron B and Rudnicki, Witold R},
  journal={Journal of statistical software},
  volume={36},
  pages={1--13},
  year={2010}
}
@article{chawla2002smote,
  title={SMOTE: synthetic minority over-sampling technique},
  author={Chawla, Nitesh V and Bowyer, Kevin W and Hall, Lawrence O and Kegelmeyer, W Philip},
  journal={Journal of artificial intelligence research},
  volume={16},
  pages={321--357},
  year={2002}
}
@article{ling2008cost,
  title={Cost-sensitive learning and the class imbalance problem},
  author={Ling, Charles X and Sheng, Victor S},
  journal={Encyclopedia of machine learning},
  volume={2011},
  pages={231--235},
  year={2008},
  publisher={Springer Berlin, Germany}
}
@article{kuhn2020package,
  title={Package â€˜caretâ€™},
  author={Kuhn, Max and Wing, Jed and Weston, Steve and Williams, Andre and Keefer, Chris and Engelhardt, Allan and Cooper, Tony and Mayer, Zachary and Kenkel, Brenton and Team, R Core and others},
  journal={The R Journal},
  volume={223},
  number={7},
  year={2020}
}
@article{meyer2008information,
  title={Information-theoretic variable selection and network inference from microarray data},
  author={Meyer, Patrick},
  journal={Universite Libre de Bruxelles: Brussels, Belgium},
  year={2008}
}
@article{gant2017integrated,
  title={Integrated assessment of pharmacological and nutritional cardiovascular risk management: blood pressure control in the DIAbetes and LifEstyle Cohort Twente (DIALECT)},
  author={Gant, Christina M and Binnenmars, S Heleen and van den Berg, Else and Bakker, Stephan JL and Navis, Gerjan and Laverman, Gozewijn D},
  journal={Nutrients},
  volume={9},
  number={7},
  pages={709},
  year={2017},
  publisher={MDPI}
}
@article{evans2013health,
  title={Health-related quality of life associated with daytime and nocturnal hypoglycaemic events: a time trade-off survey in five countries},
  author={Evans, Marc and Khunti, Kamlesh and Mamdani, Muhammad and Galbo-J{\o}rgensen, Claus B and Gundgaard, Jens and B{\o}gelund, Mette and Harris, Stewart},
  journal={Health and quality of life outcomes},
  volume={11},
  number={1},
  pages={1--9},
  year={2013},
  publisher={BioMed Central}
}